<?xml version="1.0" encoding="UTF-8"?><collection xmlns="http://www.loc.gov/MARC21/slim"><record><leader>00531nam--2200169-i-4500</leader><controlfield tag="001">000046107</controlfield><controlfield tag="002">20161230</controlfield><controlfield tag="005">20161230201045</controlfield><controlfield tag="008">060222s1000------------r-----000-0-eng-d</controlfield><datafield ind1=" " ind2=" " tag="040"><subfield code="a">IFIN-HH</subfield></datafield><datafield ind1=" " ind2=" " tag="080"><subfield code="a">537.632.5(043)</subfield></datafield><datafield ind1="1" ind2=" " tag="100"><subfield code="a">Van Kleef, Theodorus Antonius Maria</subfield></datafield><datafield ind1="1" ind2="0" tag="245"><subfield code="a">Het spectrum van iridium. structuur zeeman-effect en configuratierekeningen</subfield><subfield code="b">Dissertation</subfield><subfield code="c">Theodorus antonius maria van kleef</subfield></datafield><datafield ind1=" " ind2=" " tag="260"><subfield code="a">Amsterdam</subfield><subfield code="b">Universitat</subfield><subfield code="c">1957</subfield></datafield><datafield ind1=" " ind2=" " tag="300"><subfield code="a">72P</subfield></datafield><datafield ind1=" " ind2=" " tag="852"><subfield code="a">77032</subfield><subfield code="c">535.33</subfield></datafield><datafield ind1=" " ind2=" " tag="CAT"><subfield code="a">Sys</subfield><subfield code="c">20101221</subfield><subfield code="h">125354</subfield></datafield></record></collection>